<?xml version="1.0" encoding="UTF-8" ?><marc:collection xmlns:marc="http://www.loc.gov/MARC21/slim" xmlns:xsi="http://www.w3.org/2001/XMLSchema-instance" xsi:schemaLocation="http://www.loc.gov/MARC21/slim http://www.loc.gov/standards/marcxml/schema/MARC21slim.xsd">
<marc:record><marc:leader>01805cam a2200433Ii 4500</marc:leader>
<marc:controlfield tag="001">b13262579</marc:controlfield>
<marc:controlfield tag="003">UaCaAUL</marc:controlfield><marc:controlfield tag="005">20180404101002.0</marc:controlfield><marc:controlfield tag="008">050411s1911    le       d    000 0 ara d</marc:controlfield><marc:datafield tag="010" ind1=" " ind2=" "><marc:subfield code="a">68003544</marc:subfield></marc:datafield><marc:datafield tag="035" ind1=" " ind2=" "><marc:subfield code="a">(OCoLC)318941922</marc:subfield></marc:datafield><marc:datafield tag="040" ind1=" " ind2=" "><marc:subfield code="a">MEAUC</marc:subfield><marc:subfield code="b">eng</marc:subfield><marc:subfield code="e">rda</marc:subfield><marc:subfield code="c">MEAUC</marc:subfield><marc:subfield code="d">OCLCF</marc:subfield><marc:subfield code="d">OCLCO</marc:subfield><marc:subfield code="d">OCLCQ</marc:subfield><marc:subfield code="d">OCL</marc:subfield><marc:subfield code="d">MEAUC</marc:subfield></marc:datafield><marc:datafield tag="041" ind1="1" ind2=" "><marc:subfield code="a">ara</marc:subfield></marc:datafield><marc:datafield tag="043" ind1=" " ind2=" "><marc:subfield code="a">a-tu---</marc:subfield></marc:datafield><marc:datafield tag="049" ind1=" " ind2=" "><marc:subfield code="a">MAIN</marc:subfield></marc:datafield><marc:datafield tag="066" ind1=" " ind2=" "><marc:subfield code="c">(3</marc:subfield></marc:datafield><marc:datafield tag="090" ind1=" " ind2=" "><marc:subfield code="a">DR569</marc:subfield><marc:subfield code="b">.S24 1901</marc:subfield></marc:datafield><marc:datafield tag="100" ind1="0" ind2=" "><marc:subfield code="6">880-01</marc:subfield><marc:subfield code="a">Ahmet Saip,</marc:subfield><marc:subfield code="d">1859-1920,</marc:subfield><marc:subfield code="e">author.</marc:subfield></marc:datafield><marc:datafield tag="245" ind1="1" ind2="0"><marc:subfield code="6">880-02</marc:subfield><marc:subfield code="a">Waqʻat al-Sulṭān ʻAbd al-ʻAzīz /</marc:subfield><marc:subfield code="c">taʼlīf Aḥmad Ṣāʼib Bik ; taʻrīb Muḥammad Tawfīq Jānā.</marc:subfield></marc:datafield><marc:datafield tag="246" ind1="0" ind2="3"><marc:subfield code="6">880-03</marc:subfield><marc:subfield code="a">Wāqiʻat al-Sulṭān ʻAbd al-ʻAzīz.</marc:subfield></marc:datafield><marc:datafield tag="264" ind1=" " ind2="3"><marc:subfield code="6">880-04</marc:subfield><marc:subfield code="a">al-Azbakīyah, Miṣr :</marc:subfield><marc:subfield code="b">ṭubiʻ bi-Maṭbaʻat Hindīyah,</marc:subfield><marc:subfield code="c">1319, [1901]</marc:subfield></marc:datafield><marc:datafield tag="300" ind1=" " ind2=" "><marc:subfield code="a">276 pages ;</marc:subfield><marc:subfield code="c">20 cm.</marc:subfield></marc:datafield><marc:datafield tag="336" ind1=" " ind2=" "><marc:subfield code="a">text</marc:subfield><marc:subfield code="b">txt</marc:subfield><marc:subfield code="2">rdacontent.</marc:subfield></marc:datafield><marc:datafield tag="337" ind1=" " ind2=" "><marc:subfield code="a">unmediated</marc:subfield><marc:subfield code="b">n</marc:subfield><marc:subfield code="2">rdamedia.</marc:subfield></marc:datafield><marc:datafield tag="338" ind1=" " ind2=" "><marc:subfield code="a">volume</marc:subfield><marc:subfield code="b">nc</marc:subfield><marc:subfield code="2">rdacarrier.</marc:subfield></marc:datafield><marc:datafield tag="500" ind1=" " ind2=" "><marc:subfield code="a">Introduction dated: 1319.</marc:subfield></marc:datafield><marc:datafield tag="504" ind1=" " ind2=" "><marc:subfield code="a">Includes bibliographical references.</marc:subfield></marc:datafield><marc:datafield tag="600" ind1="0" ind2="0"><marc:subfield code="a">Abdülaziz,</marc:subfield><marc:subfield code="c">Sultan of the Turks,</marc:subfield><marc:subfield code="d">1830-1876.</marc:subfield></marc:datafield><marc:datafield tag="651" ind1=" " ind2="0"><marc:subfield code="a">Turkey</marc:subfield><marc:subfield code="x">History</marc:subfield><marc:subfield code="y">Abdul Aziz, 1861-1876.</marc:subfield></marc:datafield><marc:datafield tag="700" ind1="1" ind2=" "><marc:subfield code="6">880-05</marc:subfield><marc:subfield code="a">Jānā, Muḥammad Tawfīq,</marc:subfield><marc:subfield code="e">translator.</marc:subfield></marc:datafield><marc:datafield tag="880" ind1="1" ind2="0"><marc:subfield code="6">245-02/(3/r</marc:subfield><marc:subfield code="a">وقعة السلطان عبد العزيز /‪</marc:subfield><marc:subfield code="c">تأليف أحمد صائب بك ؛ تعريب محمد توفيق جانا..</marc:subfield></marc:datafield><marc:datafield tag="880" ind1="0" ind2=" "><marc:subfield code="6">100-01/(3/r</marc:subfield><marc:subfield code="a">أحمد صائب،،‪</marc:subfield><marc:subfield code="d">1859-192.</marc:subfield></marc:datafield><marc:datafield tag="880" ind1="0" ind2="3"><marc:subfield code="6">246-03/(3/r</marc:subfield><marc:subfield code="a">واقعة السلطان عبد العزيز.</marc:subfield></marc:datafield><marc:datafield tag="880" ind1=" " ind2="3"><marc:subfield code="6">264-04/(3/r</marc:subfield><marc:subfield code="a">الأزبكية، مصر :‪</marc:subfield><marc:subfield code="b">طبع بمطبعة هندية،‪</marc:subfield><marc:subfield code="c">1319, [1901]</marc:subfield></marc:datafield><marc:datafield tag="880" ind1="1" ind2=" "><marc:subfield code="6">700-05/(3/r</marc:subfield><marc:subfield code="a">جانا، محمد توفيق..</marc:subfield></marc:datafield><marc:datafield tag="907" ind1=" " ind2=" "><marc:subfield code="a">.b13262579</marc:subfield><marc:subfield code="b">main </marc:subfield></marc:datafield><marc:datafield tag="902" ind1=" " ind2=" "><marc:subfield code="a">180404</marc:subfield></marc:datafield><marc:datafield tag="998" ind1=" " ind2=" "><marc:subfield code="b">1</marc:subfield><marc:subfield code="c">050414</marc:subfield><marc:subfield code="d">m</marc:subfield><marc:subfield code="e">a</marc:subfield><marc:subfield code="f">-</marc:subfield><marc:subfield code="g">0</marc:subfield><marc:subfield code="k">USA</marc:subfield></marc:datafield><marc:datafield tag="945" ind1=" " ind2=" "><marc:subfield code="l">main </marc:subfield></marc:datafield></marc:record>
</marc:collection>
